@misc{providemore,title={\ldots}}
@INPROCEEDINGS{Berghofer-Nipkow:2000:TPHOL,
  title           = "Proof terms for simply typed higher order logic",
  author          = "Stefan Berghofer and Tobias Nipkow",
  pages           = "38--52",
  booktitle     = {Theorem Proving in Higher Order Logics: {TPHOLs} 2000},
  editor        = {J. Harrison and M. Aagaard},
  publisher     = Springer,
  series        = LNCS,
  volume        = 1869,
  year          = 2000}

@incollection{paulson700,
  author        = {Lawrence C. Paulson},
  title         = {{Isabelle}: The Next 700 Theorem Provers},
  editor        = {P. Odifreddi},
  booktitle     = {Logic and Computer Science},
  publisher     = {Academic Press},
  year          = 1990,
  pages         = {361-386},
  ee        = {http://arxiv.org/abs/cs.LO/9301106}}

@Proceedings{isabelle-afp,
  title = {The {Archive of Formal Proofs}},
  year = {2004--2020},
  editor = {Manuel Eberl and Gerwin Klein and Tobias Nipkow and Larry Paulson and Ren√© Thiemann},
  publisher = {Online Journal},
  note = {\url{https://www.isa-afp.org}},
}

@InProceedings{cousineau:tla-proofs,
  author =       {Denis Cousineau and Damien Doligez and Leslie Lamport and Stephan Merz and Daniel Ricketts and Hern{\'a}n Vanzetto},
  title =        {TLA\textsuperscript{+} Proofs},
  booktitle = {18th Intl. Symp. Formal Methods (FM 2012)},
  pages =     {147-154},
  year =      2012,
  editor =    {Dimitra Giannakopoulou and Dominique M{\'e}ry},
  volume =    {7436},
  series =    {LNCS},
  address =   {Paris, France},
  publisher = {Springer},
}

@article{deharbe:smt-rodin,
  author    = {David D{\'{e}}harbe and Pascal Fontaine and
               Yoann Guyot and Laurent Voisin},
  title     = {Integrating {SMT} solvers in Rodin},
  journal   = {Sci. Comput. Program.},
  volume    = {94},
  pages     = {130--143},
  year      = {2014},
}