@INPROCEEDINGS{Berghofer-Nipkow:2000:TPHOL,
  title           = "Proof terms for simply typed higher order logic",
  author          = "Stefan Berghofer and Tobias Nipkow",
  pages           = "38--52",
  booktitle     = {Theorem Proving in Higher Order Logics: {TPHOLs} 2000},
  editor        = {J. Harrison and M. Aagaard},
  publisher     = Springer,
  series        = LNCS,
  volume        = 1869,
  year          = 2000}

@incollection{paulson700,
  author        = {Lawrence C. Paulson},
  title         = {{Isabelle}: The Next 700 Theorem Provers},
  editor        = {P. Odifreddi},
  booktitle     = {Logic and Computer Science},
  publisher     = {Academic Press},
  year          = 1990,
  pages         = {361-386},
  ee        = {http://arxiv.org/abs/cs.LO/9301106}}

@Proceedings{isabelle-afp,
  title = {The {Archive of Formal Proofs}},
  year = {2004--2020},
  editor = {Manuel Eberl and Gerwin Klein and Tobias Nipkow and Larry Paulson and Ren√© Thiemann},
  publisher = {Online Journal},
  note = {\url{https://www.isa-afp.org}},
}

@inproceedings{DBLP:conf/icfp/CockxDP14,
  author    = {Jesper Cockx and
               Dominique Devriese and
               Frank Piessens},
  title     = {Pattern matching without {K}},
  booktitle = {{ICFP}},
  pages     = {257--268},
  publisher = {{ACM}},
  year      = {2014}
}

@inproceedings{DBLP:conf/icfp/CockxDP16,
  author    = {Jesper Cockx and
               Dominique Devriese and
               Frank Piessens},
  title     = {Unifiers as equivalences: proof-relevant unification of dependently
               typed data},
  booktitle = {{ICFP}},
  pages     = {270--283},
  publisher = {{ACM}},
  year      = {2016}
}

@article{DBLP:journals/pacmpl/CockxA18,
  author    = {Jesper Cockx and
               Andreas Abel},
  title     = {Elaborating dependent (co)pattern matching},
  journal   = {{PACMPL}},
  volume    = {2},
  number    = {{ICFP}},
  pages     = {75:1--75:30},
  year      = {2018}
}

